<record><leader>00000cas a2200000   4500</leader><controlfield tag="001">3064254</controlfield><controlfield tag="008">770623d18651865scudr nea     0   a0eng d</controlfield><datafield ind1=" " ind2=" " tag="010"><subfield code="a">sn 98062549 </subfield></datafield><datafield ind1=" " ind2=" " tag="040"><subfield code="a">YNG</subfield><subfield code="b">eng</subfield><subfield code="c">YNG</subfield><subfield code="d">OCL</subfield><subfield code="d">DCN</subfield><subfield code="d">OCL</subfield><subfield code="d">OCLCQ</subfield><subfield code="d">OCLCF</subfield><subfield code="d">OCLCO</subfield></datafield><datafield ind1="1" ind2=" " tag="029"><subfield code="a">AU@</subfield><subfield code="b">000025926622</subfield></datafield><datafield ind1=" " ind2=" " tag="042"><subfield code="a">msc</subfield></datafield><datafield ind1=" " ind2=" " tag="043"><subfield code="a">n-us-sc</subfield></datafield><datafield ind1="0" ind2="0" tag="245"><subfield code="a">Charleston courier</subfield><subfield code="h">[microform].</subfield></datafield><datafield ind1=" " ind2=" " tag="260"><subfield code="a">Charleston, S.C.,</subfield><subfield code="b">Geo. Whittemore &amp; Co.</subfield><subfield code="c">1865.</subfield></datafield><datafield ind1=" " ind2=" " tag="300"><subfield code="a">1 v.</subfield></datafield><datafield ind1="0" ind2=" " tag="362"><subfield code="a">N.S. v. 1, no. 4-109; Feb. 24-July 1, 1865.</subfield></datafield><datafield ind1=" " ind2=" " tag="500"><subfield code="a">Union.</subfield></datafield><datafield ind1=" " ind2=" " tag="533"><subfield code="a">Microfilm.</subfield><subfield code="b">Cleveland, Ohio,</subfield><subfield code="c">Micro Photo Division, Bell &amp; Howell.</subfield><subfield code="e">1 reel, 35 mm.</subfield></datafield><datafield ind1=" " ind2="0" tag="651"><subfield code="a">Charleston (S.C.)</subfield><subfield code="v">Newspapers.</subfield></datafield><datafield ind1=" " ind2="7" tag="655"><subfield code="a">Newspapers.</subfield><subfield code="2">fast</subfield><subfield code="0">(OCoLC)fst01423814</subfield></datafield><datafield ind1=" " ind2="7" tag="651"><subfield code="a">South Carolina</subfield><subfield code="z">Charleston.</subfield><subfield code="2">fast</subfield><subfield code="0">(OCoLC)fst01204603</subfield></datafield><datafield ind1=" " ind2=" " tag="752"><subfield code="a">United States</subfield><subfield code="b">South Carolina</subfield><subfield code="c">Charleston</subfield><subfield code="d">Charleston.</subfield></datafield><datafield ind1="0" ind2="0" tag="780"><subfield code="t">Daily courier</subfield></datafield><datafield ind1="0" ind2="0" tag="785"><subfield code="t">Charleston daily courier</subfield><subfield code="g">1865-1873</subfield></datafield></record>